<?xml version="1.0" encoding="UTF-8"?><collection xmlns="http://www.loc.gov/MARC21/slim"><record><leader>00368nam--2200133-i-4500</leader><controlfield tag="001">000032835</controlfield><controlfield tag="002">20161230</controlfield><controlfield tag="005">20161230201039</controlfield><controlfield tag="008">060222s1000------------r-----000-0-eng-d</controlfield><datafield ind1=" " ind2=" " tag="100"><subfield code="a">Evans H.J</subfield></datafield><datafield ind1=" " ind2=" " tag="260"><subfield code="a">Methods For The Analysis Of Human Chromosone Aberrations</subfield></datafield><datafield ind1=" " ind2=" " tag="490"><subfield code="a">Geneva, World Health Organization, 1973. 66p</subfield></datafield><datafield ind1=" " ind2=" " tag="700"><subfield code="a">Buckton. K.E</subfield></datafield><datafield ind1=" " ind2=" " tag="852"><subfield code="a">587.08:575.17</subfield></datafield></record></collection>